@String{ jan = "January" }
@String{ feb = "February" }
@String{ mar = "March" }
@String{ apr = "April" }
@String{ may = "May" }
@String{ jun = "June" }
@String{ jul = "July" }
@String{ aug = "August" }
@String{ sep = "September" }
@String{ oct = "October" }
@String{ nov = "November" }
@String{ dec = "December" }


@Misc{juniper-study,
  key =    {As the Value of Enterprise Networks Escalates, So Does the Need for Configuration Management},
  author =   {Juniper Networks},
  title =    {As the Value of Enterprise Networks Escalates, So Does the Need for Configuration Management},
  howpublished = {\url{https://www-935.ibm.com/services/au/gts/pdf/200249.pdf}},
  month =    may,
  year =   2008,
}

@Misc{yankee-study,
  key =    {What is Behind Network Downtime},
  author =   {Zeus Kerravala},
  title =    {What is Behind Network Downtime?  Proactive Steps to Reduce Human Error and Improve
Availability of Networks},
  howpublished = {\url{https://www.cs.princeton.edu/courses/archive/fall10/cos561/papers/Yankee04.pdf}},
  month =    jan,
  year =   2004,
}

@InProceedings{batfish,
  author = 	 {Ari Fogel and Stanley Fung and Luis Pedrosa and Meg Walraed-Sullivan and Ramesh Govindan and Ratul Mahajan and Todd Millstein},
  title = 	 {A General Approach to Network Configuration Analysis },
  booktitle = {NSDI},
  year = 	 {2015},
  month = mar,
  @pages = {469--483},
}

@inproceedings{mahajan+:bgp-misconfiguration,
 author = {Mahajan, Ratul and Wetherall, David and Anderson, Tom},
 title = {Understanding {BGP} Misconfiguration},
 booktitle = {SIGCOMM},
 year = {2002},
 month = aug,
 @pages = {3--16},
}

@misc{time-warner,
  author = 	 {M Anderson},
  title = 	 {Time Warner Cable Says Outages Largely Resolved},
  year = 	 2014,
  month = 	 aug,
  address = 	 {NY, NY},
  publisher = {Associated Press},
  howpublished = "\url{http://www.seattletimes.com/business/time-warner-cable-says-outages-largely-resolved}",
}

@inproceedings{mccauley2013extending,
  title={Extending {SDN} to large-scale networks},
  author={McCauley, James and Panda, Aurojit and Casado, Martin and Koponen, Teemu and Shenker, Scott},
  booktitle="Open Networking Summit",
  month = apr,
  year=2013,
}

@inproceedings{onos,
 author = {Berde, Pankaj and Gerola, Matteo and Hart, Jonathan and Higuchi, Yuta and Kobayashi, Masayoshi and Koide, Toshio and Lantz, Bob and O'Connor, Brian and Radoslavov, Pavlin and Snow, William and Parulkar, Guru},
 title = {{ONOS}: Towards an Open, Distributed {SDN} {OS}},
 booktitle = {HotSDN},
 year = {2014},
 month = aug,
 @pages = {1--6},
} 